<mx:record xmlns="http://www.w3.org/TR/xhtml1/strict" xmlns:mx="http://www.loc.gov/MARC21/slim" xmlns:xsi="http://www.w3.org/2001/XMLSchema-instance"><mx:leader>00000cz   2200000n  0000</mx:leader><mx:controlfield tag="001">oca00672635 </mx:controlfield><mx:controlfield tag="005">20031015104020.0</mx:controlfield><mx:controlfield tag="008">811217n| acannaab           |a aaa      </mx:controlfield><mx:datafield ind1=" " ind2=" " tag="010"><mx:subfield code="a">n  81127733</mx:subfield></mx:datafield><mx:datafield ind1=" " ind2=" " tag="040"><mx:subfield code="a">DLC</mx:subfield><mx:subfield code="c">DLC</mx:subfield></mx:datafield><mx:datafield ind1="0" ind2="0" tag="100"><mx:subfield code="a">Isaac</mx:subfield><mx:subfield code="b">I Comnenus,</mx:subfield><mx:subfield code="c">Emperor of the East,</mx:subfield><mx:subfield code="d">1005-1061</mx:subfield></mx:datafield><mx:datafield ind1="0" ind2="0" tag="400"><mx:subfield code="a">Isaak Porphyrogennetos,</mx:subfield><mx:subfield code="c">Emperor of the East,</mx:subfield><mx:subfield code="d">1005-1061</mx:subfield></mx:datafield><mx:datafield ind1="0" ind2="0" tag="400"><mx:subfield code="a">Isaacus Porphyrogenitus,</mx:subfield><mx:subfield code="d">fl. 1057</mx:subfield><mx:subfield code="w">nnaa</mx:subfield></mx:datafield><mx:datafield ind1="0" ind2="0" tag="400"><mx:subfield code="a">Isaac Porphyrogenitus,</mx:subfield><mx:subfield code="c">Emperor of the East,</mx:subfield><mx:subfield code="d">1005-1061</mx:subfield></mx:datafield><mx:datafield ind1="0" ind2="0" tag="400"><mx:subfield code="a">Isaacus Porphrogenitus,</mx:subfield><mx:subfield code="c">Emperor of the East,</mx:subfield><mx:subfield code="d">1005-1061</mx:subfield></mx:datafield><mx:datafield ind1=" " ind2=" " tag="670"><mx:subfield code="a">Encycl. Brit.</mx:subfield><mx:subfield code="b">(Isaac I; originally Isaac Comnenus; b. 1005, d. 1061)</mx:subfield></mx:datafield><mx:datafield ind1=" " ind2=" " tag="670"><mx:subfield code="a">Megalē hellēnikē enkykl.</mx:subfield><mx:subfield code="b">(Isaakios Aʹ Komnēnos see Komnēnoi)</mx:subfield></mx:datafield><mx:datafield ind1=" " ind2=" " tag="670"><mx:subfield code="a">Krumbacher.</mx:subfield><mx:subfield code="b">(Isaak Porphyrogennetos)</mx:subfield></mx:datafield><mx:datafield ind1=" " ind2=" " tag="670"><mx:subfield code="a">His Praefatio in Homerum, 1979: t.p.</mx:subfield><mx:subfield code="b">(Isaac Porphyrogenitus)</mx:subfield></mx:datafield></mx:record>